<?xml version="1.0" encoding="UTF-8"?><record xmlns="http://www.loc.gov/MARC21/slim" xmlns:cinclude="http://apache.org/cocoon/include/1.0" xmlns:zs="http://www.loc.gov/zing/srw/">
  <leader>00442cz  a2200133n  4500</leader>
  <controlfield tag="001">n  90697700 </controlfield>
  <controlfield tag="003">DLC</controlfield>
  <controlfield tag="005">19920512131515.1</controlfield>
  <controlfield tag="008">900926n| acannaab|          |n aaa |||  </controlfield>
  <datafield tag="010" ind1=" " ind2=" ">
    <subfield code="a">n  90697700 </subfield>
  </datafield>
  <datafield tag="040" ind1=" " ind2=" ">
    <subfield code="a">DLC</subfield>
    <subfield code="c">DLC</subfield>
    <subfield code="d">DLC</subfield>
  </datafield>
  <datafield tag="100" ind1="1" ind2="0">
    <subfield code="a">Hawxhurst, Joan C.</subfield>
  </datafield>
  <datafield tag="670" ind1=" " ind2=" ">
    <subfield code="a">Her The Second Amendment, 1991:</subfield>
    <subfield code="b">CIP t.p. (Joan C. Hawxhurst)</subfield>
  </datafield>
  <datafield tag="670" ind1=" " ind2=" ">
    <subfield code="a">Her Antonia Novello, U.S. surgeon general, c1993:</subfield>
    <subfield code="b">CIP t.p. (Joan C. Hawxhurst) data sheet (b. 03-25-64)</subfield>
  </datafield>
</record>